@book{arrighi1994long,
  title={The long twentieth century: Money, power, and the origins of our times},
  author={Arrighi, Giovanni},
  year={1994},
  publisher={verso}
}

@book{arrighi2007adam,
  title={Adam Smith in Beijing},
  author={Arrighi, Giovanni},
  pages={332},
  year={2007},
  publisher ={verso}
}

@article{beck1995and,
  title={What to do (and not to do) with time-series cross-section data},
  author={Beck, Nathaniel and Katz, Jonathan N},
  journal={American political science review},
  pages={634--647},
  year={1995},
  publisher={JSTOR}
}

@book{brenner2003boom,
  title={The boom and the bubble: The US in the world economy},
  author={Brenner, Robert},
  year={2003},
  publisher={Verso}
}

@article{carruthers2011sociology,
  title={The sociology of finance},
  author={Carruthers, Bruce G and Kim, Jeong-Chul},
  journal={Annual Review of Sociology},
  volume={37},
  pages={239--259},
  year={2011},
  publisher={Annual Reviews}
}

@book{lenin1999imperialism,
  title={Imperialism: The highest stage of capitalism},
  author={Lenin, Vladimir Ilʹich},
  year={1917},
  note = {Reprinted in 1999},
  publisher={Resistance Books}
}

@article{dore2002stock,
  title={Stock market capitalism vs. welfare capitalism-Stock market capitalism and its diffusion},
  author={Dore, Ron},
  journal={New Political Economy},
  volume={7},
  number={1},
  pages={115--115},
  year={2002},
  publisher={Proquest ABI/INFORM}
}

@article{dore2008financialization,
  title={Financialization of the global economy},
  author={Dore, Ronald},
  journal={Industrial and Corporate Change},
  volume={17},
  number={6},
  pages={1097--1112},
  year={2008},
  publisher={Oxford University Press}
}

@article{dynan2009changing,
  title={Changing household financial opportunities and economic security},
  author={Dynan, Karen E},
  journal={Journal of Economic Perspectives},
  volume={23},
  number={4},
  pages={49--68},
  year={2009}
}

@article{carruthers1996state,
  title={State and Status: The Rise of the State and Aristocratic Power in Western Europe. by Samuel Clark},
  author={Carruthers, Bruce G},
  journal={American Journal of Sociology},
  volume={102},
  number={3},
  pages={878--879},
  year={1996},
  publisher={University of Chicago}
}

@article{davis2013financialization,
  title={Financialization and the nonfinancial corporation: an investigation of firm-level investment behavior in the US, 1971-2011},
  author={Davis, Leila E},
  year={2013}
}

@book{epstein2005financialization,
  title={Financialization and the world economy},
  author={Epstein, Gerald A},
  year={2005},
  publisher={Edward Elgar Publishing}
}

@book{mizruchi2013fracturing,
  title={The fracturing of the American corporate elite},
  author={Mizruchi, Mark S},
  year={2013},
  publisher={Harvard University Press}
}

@article{fligstein2015emergence,
  title={The emergence of a finance culture in American households, 1989--2007},
  author={Fligstein, Neil and Goldstein, Adam},
  journal={Socio-Economic Review},
  volume={13},
  number={3},
  pages={575--601},
  year={2015},
  publisher={Oxford University Press}
}

@article{davis2009rise,
  title={The rise and fall of finance and the end of the society of organizations},
  author={Davis, Gerald F},
  journal={Academy of Management Perspectives},
  volume={23},
  number={3},
  pages={27--44},
  year={2009},
  publisher={Academy of Management Briarcliff Manor, NY}
}

@book{fligstein1993transformation,
  title={The transformation of corporate control},
  author={Fligstein, Neil},
  year={1993},
  publisher={Harvard University Press}
}

@article{garten2009antigenic,
  title={Antigenic and genetic characteristics of swine-origin 2009 A (H1N1) influenza viruses circulating in humans},
  author={Garten, Rebecca J and Davis, C Todd and Russell, Colin A and Shu, Bo and Lindstrom, Stephen and Balish, Amanda and Sessions, Wendy M and Xu, Xiyan and Skepner, Eugene and Deyde, Varough and others},
  journal={science},
  volume={325},
  number={5937},
  pages={197--201},
  year={2009},
  publisher={American Association for the Advancement of Science}
}

@incollection{harvey1985geopolitics,
  title={The geopolitics of capitalism},
  author={Harvey, David},
  booktitle={Social relations and spatial structures},
  pages={128--163},
  year={1985},
  publisher={Springer}
}

@book{krippner2011capitalizing,
  title={Capitalizing on crisis: The political origins of the rise of finance},
  author={Krippner, Greta R},
  year={2011},
  publisher={Harvard University Press}
}

@book{lachmann2020first,
  title={First Class Passengers on a Sinking Ship: Elite Politics and the Decline of Great Powers},
  author={Lachmann, Richard},
  year={2020},
  publisher={Verso Trade}
}

@article{lin2013financialization,
  title={Financialization and US income inequality, 1970--2008},
  author={Lin, Ken-Hou and Tomaskovic-Devey, Donald},
  journal={American Journal of Sociology},
  volume={118},
  number={5},
  pages={1284--1329},
  year={2013},
  publisher={University of Chicago Press Chicago, IL}
}

@book{orhangazi2008financialization,
  title={Financialization and the US Economy},
  author={Orhangazi, {\`E}},
  year={2008},
  publisher={Edward Elgar Publishing}
}

@book{prasad2012land,
  title={The land of too much: American abundance and the paradox of poverty},
  author={Prasad, Monica},
  year={2012},
  publisher={Harvard University Press}
}

@article{quinn2017miracles,
  title={“The miracles of bookkeeping”: How budget politics link fiscal policies and financial markets},
  author={Quinn, Sarah},
  journal={American Journal of Sociology},
  volume={123},
  number={1},
  pages={48--85},
  year={2017},
  publisher={University of Chicago Press Chicago, IL}
}

@book{quinn2019american,
  title={American bonds: how credit markets shaped a nation},
  author={Quinn, Sarah L},
  year={2019},
  publisher={Princeton University Press}
}

@article{krippner2005financialization,
  title={The financialization of the American economy},
  author={Krippner, Greta R},
  journal={Socio-economic review},
  volume={3},
  number={2},
  pages={173--208},
  year={2005},
  publisher={Oxford University Press}
}

@article{stockhammer2004financialisation,
  title={Financialisation and the slowdown of accumulation},
  author={Stockhammer, Engelbert},
  journal={Cambridge journal of economics},
  volume={28},
  number={5},
  pages={719--741},
  year={2004},
  publisher={Oxford University Press}
}

@book{sassen2012global,
  title={Global finance and its institutional spaces},
  author={Sassen, Saskia},
  year={2012},
  publisher={Oxford University Press Oxford}
}

@article{sum2008great,
  title={The great divergence: real-wage growth of all workers versus finance workers},
  author={Sum, Andrew and Tobar, Paulo and McLaughlin, Joseph and Palma, Sheila},
  journal={Challenge},
  volume={51},
  number={3},
  pages={57--79},
  year={2008},
  publisher={Taylor \& Francis}
}

@book{dumenil2004capital,
  title={Capital resurgent: Roots of the neoliberal revolution},
  author={Dum{\'e}nil, G{\'e}rard and Dum{\'e}nil, G{\'e}rard and L{\'e}vy, Dominique and Levy, Dominique},
  year={2004},
  publisher={Harvard University Press}
}

@article{fingleton1999praise,
  title={In praise of hard industries},
  author={Fingleton, Eamonn},
  journal={The International Economy},
  volume={13},
  number={5},
  pages={52},
  year={1999},
  publisher={International Economy Publications, Incorporated}
}

@article{castells1998information,
  title={The information age: economy, society and culture. Volume 1. The rise of the network society},
  author={Castells, Manuel and Blackwell, Cambridge},
  journal={Environment and Planning B: Planning and Design},
  volume={25},
  pages={631--636},
  year={1998},
  publisher={Citeseer}
}

@article{van2014making,
  title={Making sense of financialization},
  author={Van der Zwan, Natascha},
  journal={Socio-economic review},
  volume={12},
  number={1},
  pages={99--129},
  year={2014},
  publisher={Oxford University Press}
}

@inproceedings{wade2005march,
  title={The March of Neoliberalism And What to Do about It},
  author={Wade, H Robert},
  booktitle={draft paper for plenary talk at conference Beyond ‘Deregulation’: Finance in the 21st Century, University of Sussex},
  pages={26--28},
  year={2005}
}

@book{darmofal2015spatial,
  title={Spatial analysis for the social sciences},
  author={Darmofal, David},
  year={2015},
  publisher={Cambridge University Press}
}

@book{mauro2013modern,
  title={A modern history of fiscal prudence and profligacy},
  author={Mauro, Mr Paolo and Romeu, Rafael and Binder, Mr Ariel J and Zaman, Mr Asad},
  number={13-15},
  year={2013},
  publisher={International Monetary Fund}
}

@book{baltagi2008econometric,
  title={Econometric analysis of panel data},
  author={Baltagi, Badi},
  year={2008},
  publisher={John Wiley \& Sons}
}

@article{parks1967efficient,
  title={Efficient estimation of a system of regression equations when disturbances are both serially and contemporaneously correlated},
  author={Parks, Richard W},
  journal={Journal of the American Statistical Association},
  volume={62},
  number={318},
  pages={500--509},
  year={1967},
  publisher={Taylor \& Francis Group}
}

@article{beck1995and,
  title={What to do (and not to do) with time-series cross-section data},
  author={Beck, Nathaniel and Katz, Jonathan N},
  journal={American political science review},
  pages={634--647},
  year={1995},
  publisher={JSTOR}
}

@article{bailey2011implementing,
  title={Implementing panel corrected standard errors in R: the pcse package},
  author={Bailey, Delia and Katz, Jonathan N},
  journal={Journal of Statistical Software},
  volume={42},
  number={CS1},
  pages={1--11},
  year={2011},
  publisher={University of California, Los Angeles}
}

@article{beck2001time,
  title={Time-series--cross-section data: What have we learned in the past few years?},
  author={Beck, Nathaniel},
  journal={Annual review of political science},
  volume={4},
  number={1},
  pages={271--293},
  year={2001},
  publisher={Annual Reviews 4139 El Camino Way, PO Box 10139, Palo Alto, CA 94303-0139, USA}
}

@book{croissant2019panel,
  title={Panel data econometrics with R},
  author={Croissant, Yves and Millo, Giovanni},
  year={2019},
  publisher={Wiley Online Library}
}

@article{breusch1980lagrange,
  title={The Lagrange multiplier test and its applications to model specification in econometrics},
  author={Breusch, Trevor S and Pagan, Adrian R},
  journal={The review of economic studies},
  volume={47},
  number={1},
  pages={239--253},
  year={1980},
  publisher={JSTOR}
}

@article{pesaran2004general,
  title={General diagnostic tests for cross-sectional dependence in panels},
  author={Pesaran, M Hashem},
  journal={Empirical Economics},
  pages={1--38},
  year={2004},
  publisher={Springer}
}

@article{pesaran2015testing,
  title={Testing weak cross-sectional dependence in large panels},
  author={Pesaran, M Hashem},
  journal={Econometric reviews},
  volume={34},
  number={6-10},
  pages={1089--1117},
  year={2015},
  publisher={Taylor \& Francis}
}

@article{breusch1979simple,
  title={A simple test for heteroscedasticity and random coefficient variation},
  author={Breusch, Trevor S and Pagan, Adrian R},
  journal={Econometrica: Journal of the econometric society},
  pages={1287--1294},
  year={1979},
  publisher={JSTOR}
}

@article{koenker1981note,
  title={A note on studentizing a test for heteroscedasticity},
  author={Koenker, Roger},
  journal={Journal of econometrics},
  volume={17},
  number={1},
  pages={107--112},
  year={1981},
  publisher={Elsevier}
}

@book{kramer2012linear,
  title={The linear regression model under test},
  author={Kr{\"a}mer, Walter and Sonnberger, Harald},
  year={2012},
  publisher={Springer Science \& Business Media}
}

@article{breusch1978testing,
  title={Testing for autocorrelation in dynamic linear models},
  author={Breusch, Trevor S},
  journal={Australian Economic Papers},
  volume={17},
  number={31},
  pages={334--355},
  year={1978},
  publisher={Wiley Online Library}
}

@article{godfrey1978testing,
  title={Testing against general autoregressive and moving average error models when the regressors include lagged dependent variables},
  author={Godfrey, Leslie G},
  journal={Econometrica: Journal of the Econometric Society},
  pages={1293--1301},
  year={1978},
  publisher={JSTOR}
}

@book{wooldridge2015introductory,
  title={Introductory econometrics: A modern approach},
  author={Wooldridge, Jeffrey M},
  year={2015},
  publisher={Cengage learning}
}

@article{phillips1990asymptotic,
  title={Asymptotic properties of residual based tests for cointegration},
  author={Phillips, Peter CB and Ouliaris, Sam},
  journal={Econometrica: journal of the Econometric Society},
  pages={165--193},
  year={1990},
  publisher={JSTOR}
}

@article{garrett2001globalization,
  title={Globalization and government spending around the world},
  author={Garrett, Geoffrey},
  journal={Studies in comparative international development},
  volume={35},
  number={4},
  pages={3--29},
  year={2001},
  publisher={Springer}
}

@article{banerjee1993co,
  title={Co-integration, error correction, and the econometric analysis of non-stationary data},
  author={Banerjee, Anindya and Dolado, Juan J and Galbraith, John W and Hendry, David and others},
  journal={OUP Catalogue},
  year={1993},
  publisher={Oxford university press}
}

@article{de2008taking,
  title={Taking time seriously},
  author={De Boef, Suzanna and Keele, Luke},
  journal={American Journal of Political Science},
  volume={52},
  number={1},
  pages={184--200},
  year={2008},
  publisher={Wiley Online Library}
}

@article{engle1987co,
  title={Co-integration and error correction: representation, estimation, and testing},
  author={Engle, Robert F and Granger, Clive WJ},
  journal={Econometrica: journal of the Econometric Society},
  pages={251--276},
  year={1987},
  publisher={JSTOR}
}

@article{kelly2012federalism,
  title={Federalism and American inequality},
  author={Kelly, Nathan J and Witko, Christopher},
  journal={The Journal of Politics},
  volume={74},
  number={2},
  pages={414--426},
  year={2012},
  publisher={Cambridge University Press New York, USA}
}

@article{kristal2010good,
  title={Good times, bad times: Postwar labor’s share of national income in capitalist democracies},
  author={Kristal, Tali},
  journal={American Sociological Review},
  volume={75},
  number={5},
  pages={729--763},
  year={2010},
  publisher={Sage Publications Sage CA: Los Angeles, CA}
}

@article{volscho2012rise,
  title={The rise of the super-rich: Power resources, taxes, financial markets, and the dynamics of the top 1 percent, 1949 to 2008},
  author={Volscho, Thomas W and Kelly, Nathan J},
  journal={American Sociological Review},
  volume={77},
  number={5},
  pages={679--699},
  year={2012},
  publisher={Sage Publications Sage CA: Los Angeles, CA}
}

@misc{oecdinflation,
  title = {Inflation(cpi)},
  author ={{OECD}},
  year = {2021},
  howpublished = {\url{https://data.oecd.org/price/inflation-cpi.htm}},
  note = {Accessed: 14 May 2021}
}

@misc{oecdreer,
  title = {REAL EFFECTIVE EXCHANGE RATES},
  author ={{OECD}},
  year = {2021},
  howpublished = {\url{https://stats.oecd.org/glossary/detail.asp?ID=2243}},
  note = {Accessed: 14 May 2021}
}

@article{keele2004not,
  title={Not just for cointegration: error correction models with stationary data},
  author={Keele, Luke and De Boef, Suzanna},
  journal={Documento de Trabajo. Departamento de Pol{\'\i}tica y Relaciones Internacionales, Nuffield College y Oxford University},
  year={2004}
}

@incollection{kotz20191,
  title={1. Financialization and Neoliberalism},
  author={Kotz, David M},
  booktitle={Relations of Global Power},
  pages={1--18},
  year={2019},
  publisher={University of Toronto Press}
}

@article{oecddeficit,
  title = {General government deficit},
  author= {{OECD}},
  year={2021},
  howpublished = {\url{https://data.oecd.org/gga/general-government-deficit.htm}},
  note = {Accessed: 14 May 2021}
}

@article{oecdva,
  author = {{OECD}},
  year={2021},
  title = {Value added by activity},
  howpublished = {\url{https://data.oecd.org/natincome/value-added-by-activity.htm}},
  note = {Accessed: 14 May 2021}
}

@article{wiidguide,
title={World Income Inequality Database (WIID) User Guide},
author={{United Nations}},
year={2021}
}

@article{wbgini,
  title = {Gini Index},
  author={{World Bank}},
  year={2021},
  howpublished = {\url{https://data.worldbank.org/indicator/SI.POV.GINI}},
  note = {Accessed: 14 May 2021}
}

@article{wbfdi,
  title = {Foreign direct investment, net inflows (BoP, current US dollars)},
  author = {{World Bank}},
  year={2021},
  howpublished = {\url{https://data.worldbank.org/indicator/BX.KLT.DINV.CD.WD}},
  note = {Accessed: 14 May 2021}
}

@article{wbnet,
  title = {Net trade in goods and services (BoP, current US dollars)},
  author = {{World Bank}},
  year={2021},
  howpublished = {\url{https://data.worldbank.org/indicator/BN.GSR.GNFS.CD}},
  note = {Accessed: 14 May 2021}
}

@article{imfnfc,
  title = {Nonfinancial corporate debt, loans and debt securities},
  author = {{IMF}},
  year={2021},
  howpublished = {\url{https://www.imf.org/external/datamapper/NFC_LS@GDD/SWE}},
  note = {Accessed: 14 May 2021}
}





